@book{hvitfeldt2021a,
  title = {Supervised {{Machine Learning}} for {{Text Analysis}} in {{R}}},
  author = {Hvitfeldt, Emil and Silge, Julia},
  year = {2021},
  month = oct,
  edition = {1st edition},
  publisher = {{Chapman and Hall/CRC}},
  address = {{Boca Raton}},
  isbn = {978-0-367-55419-4},
  langid = {english}
}

@book{silge2017a,
  title = {Text {{Mining}} with {{R}}: {{A Tidy Approach}}},
  shorttitle = {Text {{Mining}} with {{R}}},
  author = {Silge, Julia and Robinson, David},
  year = {2017},
  month = jul,
  edition = {1st edition},
  publisher = {{O'Reilly Media}},
  address = {{Beijing ; Boston}},
  isbn = {978-1-4919-8165-8},
  langid = {english}
}
